@article{MVC,
  title={A description of the model-view-controller user interface paradigm in the smalltalk-80 system},
  author={Krasner, Glenn E and Pope, Stephen T and others},
  journal={Journal of object oriented programming},
  volume={1},
  number={3},
  pages={26--49},
  year={1988}
}
@inproceedings{mediator,
  title={Formalizing design patterns},
  author={Mikkonen, Tommi},
  booktitle={Proceedings of the 20th international conference on Software engineering},
  pages={115--124},
  year={1998},
  organization={IEEE Computer Society}
}
@inproceedings{spritesheets,
  title={Creating a web-based, 2-D action game in JavaScript with HTML5},
  author={Weeks, Michael},
  booktitle={Proceedings of the 2014 ACM Southeast Regional Conference},
  pages={7},
  year={2014},
  organization={ACM}
}